@Book{plfa22.08,
    author = {Philip Wadler and Wen Kokke and Jeremy G. Siek},
    title  = {Programming Language Foundations in {A}gda},
    year   = {2022},
    month  = aug,
    url    = {https://plfa.inf.ed.ac.uk/22.08/},
}
